@misc{b1,
  howpublished={\url{http://mrheidar.ir/courses/operating_system.html}}
}
